@inproceedings{jumelet2019analysing,
  title={Analysing Neural Language Models: Contextual Decomposition Reveals Default Reasoning in Number and Gender Assignment},
  author={Jumelet, Jaap and Zuidema, Willem and Hupkes, Dieuwke},
  booktitle={Proceedings of the 23rd Conference on Computational Natural Language Learning (CoNLL)},
  pages={1--11},
  year={2019}
}

@inproceedings{futrell2019neural,
  title={Neural language models as psycholinguistic subjects: Representations of syntactic state},
  author={Futrell, Richard and Wilcox, Ethan and Morita, Takashi and Qian, Peng and Ballesteros, Miguel and Levy, Roger},
  booktitle={Proceedings of the 2019 Conference of the North American Chapter of the Association for Computational Linguistics: Human Language Technologies, Volume 1 (Long and Short Papers)},
  pages={32--42},
  year={2019}
}

@inproceedings{wilcox2018rnn,
  title={What do {RNN} language models learn about filler--gap dependencies?},
  author={Wilcox, Ethan and Levy, Roger and Morita, Takashi and Futrell, Richard},
  booktitle={Proceedings of the 2018 EMNLP Workshop BlackboxNLP: Analyzing and Interpreting Neural Networks for NLP},
  pages={211--221},
  year={2018}
}
